%% Saved with string encoding Unicode (UTF-8) 
\RequirePackage{filecontents}


@article {Altermatt_Florian,
	author = {Altermatt, Florian},
	title = {Climatic warming increases voltinism in European butterflies and moths},
	year = {2009},
	doi = {10.1098/rspb.2009.1910},
	publisher = {The Royal Society},
	issn = {0962-8452},
	journal = {Proceedings of the Royal Society of London B: Biological Sciences}
}

@article{Bale2002_451,
	author = {Bale, Jeffery S. and Masters, Gregory J. and Hodkinson, Ian D. and Awmack, Caroline and Bezemer, T. Martijn and Brown, Valerie K. and Butterfield, Jennifer and Buse, Alan and Coulson, John C. and Farrar, John and Good, John E. G. and Harrington, Richard and Hartley, Susane and Jones, T. Hefin and Lindroth, Richard L. and Press, Malcolm C. and Symrnioudis, Ilias and Watt, Allan D. and Whittaker, John B.},
	title = {Herbivory in global climate change research: direct effects of rising temperature on insect herbivores},
	journal = {Global Change Biology},
	volume = {8},
	number = {1},
	pages = {1-16},
	doi = {10.1046/j.1365-2486.2002.00451.x}
}

@article{Barzman_2015,
	Author = {Barzman M. et al.},
	year = {2015},
	title = {Research and Development Priorities in the Face of Climate Change and Rapidly Evolving Pests.},
	journal = {In: Lichtfouse E. (eds) Sustainable Agriculture Reviews. Sustainable Agriculture Reviews},
	volume = {17},
	publisher = {Springer, Cham}
}

@article{Bebber_2013,
	Author = {Bebber, Daniel P. and Ramotowski, Mark A. T. and Gurr, Sarah J.},
	title = {Crop pests and pathogens move polewards in a warming world},
	journal = {Nature Climate Change},
	year = {2013},
	volume = {3},
	publisher = {Nature Publishing Group SN }
}

@article{Frank_Rapid,
    author = {Frank Chidawanyika and John S. Terblanche},
	title = {Rapid thermal responses and thermal 
	         tolerance in adult codling moth 
	         Cydia pomonella (Lepidoptera: Tortricidae)},
	Journal = {Journal of insect physiology},
	issue ={1}, 
	volume = {57},
	page = {108-17},
	year = {2011}
	}

@article{Cossentine01042004,
author = {Cossentine, J.E. and Sholberg, P.L. and Jensen, L.B.J. and Bedford, K.E. and Shephard, T.C.}, 
title = {Fumigation of Empty Fruit Bins with Carbon Dioxide to Control Diapausing Codling Moth Larvae and Penicillium expansum Link. ex Thom Spores},
volume = {39}, 
number = {2}, 
pages = {429-432}, 
year = {2004}, 
journal = {HortScience} 
}

@article{Estay_01380,
author = {Estay, S. A. and Lima, M. and Labra, F. A.},
title = {Predicting insect pest status under climate change scenarios: combining experimental data and population dynamics modelling},
journal = {Journal of Applied Entomology},
volume = {133},
number = {7},
pages = {491-499},
doi = {10.1111/j.1439-0418.2008.01380.x}
}

@article{Fleming,
author = {Fleming, R.A. and Tatchell, G.M},
title = {Shifts in the flight periods of British aphids: a response to climate warming?}, 
year = {1995},
Pages = {505-508},
publisher = {Academic Press, London, England.}
}


@article{Gregory_2009,
author = {Gregory, Peter and Johnson, Scott and Newton, Adrian and Ingram, John},
year = {2009},
month = {05},
pages = {2827-38},
title = {Integrating pests and pathogens into the climate change/food security debate},
volume = {60},
number = {10},
journal = {Journal of Experimental Botany},
doi = {10.1093/jxb/erp080}
}


@article{Harrington_2001,
author = {Harrington, Richard and Fleming, Richard A. and Woiwod, Ian P.},
title = {Climate change impacts on insect management and conservation in temperate regions: can they be predicted?},
journal = {Agricultural and Forest Entomology},
volume = {3},
number = {4},
pages = {233-240},
doi = {10.1046/j.1461-9555.2001.00120.x}
}

@article{Cuellar_2005,
	author = {Cuellar, Juan Luis 
	          and Mora-Aguilera, Gustavo and 
	          R. Ram{\'i}rez-Legarreta, Manuel and 
	          Vera-Graziano, Jorge and 
	          Pinto, Victor and 
	          Lopez Collado, Jose and 
	          Ram{\'i}rez Guzmán, M E and 
	          Aceves, Lorenzo},
	year = {2005},
	month = {03},
	title = {Diapause quantitative characterization of the 
	         codling moth Cydia pomonella L. in Cuauht{\'e}moc, Chihuahua, M{\'e}xico},
	volume = {39},
	journal = {Agrociencia}
}

@article{Jaramillo_2009,
    author = {Jaramillo, Juliana AND Chabi-Olaye, Adenirin AND Kamonjo, Charles AND Jaramillo, Alvaro AND Vega, Fernando E. AND Poehling, Hans-Michael AND Borgemeister, Christian},
    journal = {PLOS ONE},
    publisher = {Public Library of Science},
    title = {Thermal Tolerance of the Coffee Berry Borer Hypothenemus hampei: Predictions of Climate Change Impact on a Tropical Insect Pest},
    year = {2009},
    month = {08},
    volume = {4},
    pages = {1-11},
    number = {8},
    doi = {10.1371/journal.pone.0006487}
}

@article{Linda_2010,
    author = {Linda J. Thomson; Sarina Macfadyen; Ary A. Hoffmann},
    title = {Predicting the effects of climate change on natural enemies of agricultural pests},
    journal = {Biological Control},
    publisher = {Elsevier BV},
    year = {2010},
    pages = {296-306},
    volume = {52},
    issue = {3}
}

@article{Juszczak2013,
author = {Juszczak, Radoslaw and Kuchar, Leszek and Leśny, Jacek and Olejnik, Janusz},
year = {2013},
month = {01},
pages = {31-44},
title = {Climate change impact on development rates of the codling moth (Cydia pomonella L.) in the Wielkopolska region, Poland},
volume = {57},
journal = {International Journal of Biometeorology},
doi = {10.1007/s00484-012-0531-0}
}

@book{Lindroth_1996,
    author ={Lindroth RL},
    title = {Consequences of Elevated Atmospheric CO2. Carbon dioxide, populations, and communities},
    year = {1996},
    publisher = {Academic Press}
}


@article{LUEDELING,
author = {Luedeling, Eike and Steinmann, Kimberly P. and Zhang, Minghua and Brown, Patrick H. and Grant, Joseph and Girvetz, Evan H.},
title = {Climate change effects on walnut pests in California},
journal = {Global Change Biology},
year = {2010},
volume = {17},
number = {1},
pages = {228-238},
doi = {10.1111/j.1365-2486.2010.02227.x}
}

@article{Andrea_Maiorano,
    authors = {Andrea Maiorano; Simone Bregaglio; Marcello Donatelli; Davide Fumagalli; Antonio Zucchini},
	title = {Comparison of modelling approaches to simulate the phenology of the European corn borer under future climate scenarios},
	publisher = {Elsevier Science BV},
	year = {2012},
	volume = {245},
	pages = {65-74},
	doi = {10.1016/j.ecolmodel.2012.03.034}
}

@article{Parmesan_Camille,
	authors = {Parmesan, Camille and Yohe, Gary},
    title = {A globally coherent fingerprint of climate change impacts across natural systems},
    journal = {Nature},
    year = {2003},
    volume = {421},
    publisher = {Nature}
}

@article{Patterson1999,
    author = {Patterson, D., and Westbrook, J., and Joyce, R. and Lingren, P.D. and Rogasik, J.},
    year = {1999},
    journal = {Climatic Change}, 
    volume = {43},
    pages = {711-727},
    publisher = {Kluwer Academic Publishers},
    doi = {https://doi.org/10.1023/A:1005549400875}
}

@article{Rafoss_Trond,
author = {Rafoss, Trond and Saethre, May-Guri},
title = {Spatial and temporal distribution of bioclimatic potential for the Codling moth and the Colorado potato beetle in Norway: model predictions versus climate and field data from the 1990s},
journal = {Agricultural and Forest Entomology},
volume = {5},
number = {1},
pages = {75-86},
doi = {10.1046/j.1461-9563.2003.00166.x}
}

@article{Rajagopalan_Chin,
	author = {Rajagopalan, K. and Chinnayakanahalli, 
	          K. J. and Stockle, C. O. and Nelson, R. L. and 
	          Kruger, C. E. and Brady, M. P. and Malek, K. and 
	          Dinesh, S. T. and Barber, M. E. and Hamlet, A. F. and 
	          Yorgey, G. G. and Adam, J. C.},
	title = {Impacts of Near-Term Climate Change on 
	         Irrigation Demands and Crop Yields 
	         in the Columbia River Basin},
	journal = {Water Resources Research},
	year = {2018},
	volume = {54},
	number = {3},
	pages = {2152-2182},
	doi = {10.1002/2017WR020954}
}

@article{article,
author = {Steinberg, Shimon and Podoler, Haggai and Applebaum, Shalom},
year = {1988},
month = {03},
pages = {3-13},
title = {Diapause induction in field populations of the codling moth, Cydia Pomonella , in Northern Israel},
volume = {16},
journal = {Phytoparasitica},
doi = {10.1007/BF02979571}
}

@article{Stiling_1823,
author = {Stiling, Peter and Cornelissen, Tatiana},
title = {How does elevated carbon dioxide (CO2) affect plant–herbivore interactions? A field experiment and meta-analysis of CO2-mediated changes on plant chemistry and herbivore performance},
journal = {Global Change Biology},
year = {2007},
volume = {13},
number = {9},
pages = {1823-1842},
doi = {10.1111/j.1365-2486.2007.01392.x}
}

@article{Nelson_higgins,
    authors = {St{\"o}ckle, C., Nelson, R.L., Higgins, S., Brunner, J., Grove, G., Boydston, R., Whiting, M., Kruger, C.},
    title = {Assessment of climate change impact on Eastern Washington agriculture},
    journal = {Climatic Change},
    publisher = {Springer Netherlands},
    year = {2010},
    volume = {102},
    issue = {1–2},
    pages = {77–102}
}

@article{Stoeckli_2012,
    author = {Stoeckli, Sibylle AND Hirschi, Martin AND Spirig, Christoph AND Calanca, Pierluigi AND Rotach, Mathias W. AND Samietz, J{\"o}rg},
    journal = {PLOS ONE},
    publisher = {Public Library of Science},
    title = {Impact of Climate Change on Voltinism and Prospective Diapause Induction of a Global Pest Insect – Cydia pomonella (L.)},
    year = {2012},
    month = {04},
    volume = {7},
    pages = {1-9},
    number = {4},
    doi = {10.1371/journal.pone.0035723}
}

@article{van_Asch,
	author = {van Asch, Margriet and Salis, Lucia and Holleman, Leonard J. M. and van Lith, Bart and Visser, Marcel E.},
	title = {Evolutionary response of the egg hatching date of a herbivorous insect under climate change},
	journal = {Nature Climate Change},
	year = {2012},
	volume = {3},
	publisher = {Nature Publishing Group SN}
}

@article{Zhou_ilong,
author = {Zhou, Xilong and Harrington, Richard and Woiwod, Ian P. and Perry, Joe N. and Bale, Jeffrey S. and Clark, Suzanne J.},
title = {Effects of temperature on aphid phenology},
journal = {Global Change Biology},
year = {1995},
volume = {1},
number = {4},
pages = {303-313},
doi = {10.1111/j.1365-2486.1995.tb00029.x}
}


@article{Battisti_Andrea,
author = {Battisti, Andrea and Larsson, S},
year = {2015},
month = {01},
pages = {1-15},
title = {Climate change and insect pest distribution range},
journal = {Climate Change and Insect Pests},
doi = {10.1079/9781780643786.0001}
}





USDA NASS (2017) Value of Washington’s 2016 agricultural production totaled $10.6 billion. Northwest Regional Field Office, National Agricultural Statistics Service, Agricultural Statistics Board, United States Department of Agriculture. Olympia, WA.

USDA NASS (2018) Crop production. National Agricultural Statistics Service, Agricultural Statistics Board, United States Department of Agriculture. Released August 10, 2018. ISSN 1936-3737. 


Porter, J.R., L. Xie, A.J. Challinor, K. Cochrane, S.M. Howden, M.M. Iqbal, D.B. Lobell, and M.I. Travasso, 2014: Food security and food production systems. In: Climate Change 2014: Impacts, Adaptation, and Vulnerability. Part A: Global and Sectoral Aspects. Contribution of Working Group II to the Fifth Assessment Report of the Intergovernmental Panel on Climate Change [Field, C.B., V.R. Barros, D.J. Dokken, K.J. Mach, M.D. Mastrandrea, T.E. Bilir, M. Chatterjee, K.L. Ebi, Y.O. Estrada, R.C. Genova, B. Girma, E.S. Kissel, A.N. Levy, S. MacCracken, P.R. Mastrandrea, and L.L. White (eds.)]. Cambridge University Press, Cambridge, United Kingdom and New York, NY, USA, pp. 485-533.