@article{Multivariate2018,
author = {Multivariate, Title},
journal = {Matching},
title = {{Package ‘ Matching '}},
year = {2018}
}

@article{Ho2011,
author = {Ho, Daniel E and Imai, Kosuke and King, Gary and Stuart, Elizabeth A},
journal = {Matching},
number = {617},
title = {MatchIt : Nonparametric Preprocessing for Parametric Causal Inference 1},
year = {2011}
}

@article{Imai2018,
author = {Imai, Kosuke and King, Gary and Stuart, Elizabeth and Whitworth, Alex},
doi = {10.1093/pan/mpl013>.Maintainer},
journal = {Matching},
title = {{Package ‘ MatchIt '}},
year = {2018}
}

@article{Sekhon2011,
author = {Sekhon, Jasjeet S.},
journal = {Journal of Statistical Software},
number = {7},
title = {{Multivariate and Propensity Score Matching}},
volume = {42},
year = {2011}
}

@article{Way2007,
author = {Way, Nathan Abbott and King, Gary and Stuart, Elizabeth A},
doi = {10.1093/pan/mpl013},
journal = {Matching},
pages = {199--236},
title = {{Matching as Nonparametric Preprocessing for Reducing Model Dependence in Parametric Causal Inference}},
year = {2007}
}
