@inproceedings{Yang2004,
author = {Yang, Kiyoung and Shahabi, Cyrus},
booktitle = {Proceedings of the 2nd ACM international workshop on Multimedia databases  - MMDB '04},
doi = {10.1145/1032604.1032616},
isbn = {1581139756},
issn = {0144-8420},
pmid = {15494364},
title = {A PCA-based similarity measure for multivariate time series},
year = {2004}
}
